@Article{Talman78,
  author    = {{Talman}, J.~D.},
  title     = {{Numerical Fourier and Bessel Transforms in Logarithmic Variables}},
  journal   = {Journal of Computational Physics},
  year      = {1978},
  volume    = {29},
  pages     = {35-48},
  month     = oct,
  adsnote   = {Provided by the SAO/NASA Astrophysics Data System},
  adsurl    = {http://adsabs.harvard.edu/abs/1978JCoPh..29...35T},
  doi       = {10.1016/0021-9991(78)90107-9},
  timestamp = {2017.03.10},
}

@Article{Hamilton00,
  author =    {{Hamilton}, A.~J.~S.},
  title =     {{Uncorrelated modes of the non-linear power spectrum}},
  journal =   {MNRAS},
  year =      {2000},
  volume =    {312},
  pages =     {257-284},
  month =     feb,
  adsnote =   {Provided by the SAO/NASA Astrophysics Data System},
  adsurl =    {http://adsabs.harvard.edu/abs/2000MNRAS.312..257H},
  doi =       {10.1046/j.1365-8711.2000.03071.x},
  eprint =    {astro-ph/9905191},
  keywords =  {COSMOLOGY: THEORY, LARGE-SCALE STRUCTURE OF UNIVERSE},
  timestamp = {2016.11.17}
}
